<?xml version="1.0" encoding="utf-8"?>
<record xmlns="http://www.loc.gov/MARC21/slim" xmlns:xsi="http://www.w3.org/2001/XMLSchema-instance" xsi:schemaLocation="http://www.loc.gov/MARC21/slim http://www.loc.gov/standards/marcxml/schema/MARC21slim.xsd">
	<leader>     nam a22        4500</leader>
	<controlfield tag="001">b12545363</controlfield>
	<controlfield tag="003">LeBAU</controlfield>
	<controlfield tag="006">m        d        </controlfield>
	<controlfield tag="007">cr cn |||m|||a</controlfield>
	<controlfield tag="008">170830s1904    le      o     ||0 0 ara d</controlfield>
	<datafield ind1=" " ind2=" " tag="040">
		<subfield code="a">NNU</subfield>
		<subfield code="b">ara</subfield>
		<subfield code="e">rda</subfield>
		<subfield code="c">NNU</subfield>
	</datafield>
	<datafield ind1=" " ind2="4" tag="050">
		<subfield code="a">PJ7814.N48</subfield>
		<subfield code="b">J38 1904</subfield>
	</datafield>
	<datafield ind1="0" ind2="4" tag="082">
		<subfield code="a">892.78</subfield>
		<subfield code="2">23</subfield>
	</datafield>
	<datafield ind1="1" ind2=" " tag="100">
		<subfield code="6">880-01</subfield>
		<subfield code="a">ʻAnḥūrī, Salīm,</subfield>
		<subfield code="d">1855 or 1856-1933 or 1934,</subfield>
		<subfield code="e">author.</subfield>
	</datafield>
	<datafield ind1="1" ind2="3" tag="245">
		<subfield code="6">880-02</subfield>
		<subfield code="a">al-Jawhar al-fard, aw, al-shiʻr al-ʻaṣrī :</subfield>
		<subfield code="b">fī al-tarbiyah wa-al-ʻawāʼid wa-al-akhlāq wa-al-ḥuqūq wa-al-wājibāt /</subfield>
		<subfield code="c">naẓm ṣāḥib al-sa‘ādah Salīm Bik ‘Anḥūrī, shā‘ir Dimashq al-fayḥā’.</subfield>
	</datafield>
	<datafield ind1="3" ind2="0" tag="246">
		<subfield code="6">880-03</subfield>
		<subfield code="a">Shiʻr al-ʻaṣrī</subfield>
	</datafield>
	<datafield ind1=" " ind2="1" tag="264">
		<subfield code="6">880-04</subfield>
		<subfield code="a">al-Ḥadath, Lubnān :</subfield>
		<subfield code="b">al-Maṭbaʻah al-Sharqīyah,</subfield>
		<subfield code="c">1904.</subfield>
	</datafield>
	<datafield ind1=" " ind2=" " tag="300">
		<subfield code="6">880-05</subfield>
		<subfield code="a">online resource (132 pages)</subfield>
	</datafield>
	<datafield ind1=" " ind2=" " tag="336">
		<subfield code="a">text</subfield>
		<subfield code="2">rdacontent</subfield>
	</datafield>
	<datafield ind1=" " ind2=" " tag="337">
		<subfield code="a">computer</subfield>
		<subfield code="2">rdamedia</subfield>
	</datafield>
	<datafield ind1=" " ind2=" " tag="338">
		<subfield code="a">online resource</subfield>
		<subfield code="2">rdacarrier</subfield>
	</datafield>
	<datafield ind1=" " ind2=" " tag="500">
		<subfield code="a">Part of the Arabic Collections Online (ACO) project, contributed by American University of Beirut's Jafet Memorial Library.</subfield>
	</datafield>
	<datafield ind1=" " ind2=" " tag="533">
		<subfield code="a">Electronic reproduction.</subfield>
		<subfield code="b">New York, N.Y. :</subfield>
		<subfield code="c">New York University,</subfield>
		<subfield code="d">2017.</subfield>
		<subfield code="5">NNU</subfield>
	</datafield>
	<datafield ind1=" " ind2="0" tag="650">
		<subfield code="6">880-06</subfield>
		<subfield code="a">Arabic poetry</subfield>
		<subfield code="x">Quotations, Maxims, etc.</subfield>
	</datafield>
	<datafield ind1=" " ind2="0" tag="650">
		<subfield code="6">880-07</subfield>
		<subfield code="a">Will in literature.</subfield>
	</datafield>
	<datafield ind1="2" ind2=" " tag="710">
		<subfield code="a">Jafet Memorial Library.</subfield>
	</datafield>
	<datafield ind1="0" ind2=" " tag="730">
		<subfield code="a">Arabic Collections Online.</subfield>
	</datafield>
	<datafield ind1="0" ind2="8" tag="776">
		<subfield code="i">Print version:</subfield>
		<subfield code="a">ʻAnḥūrī, Salīm, 1855 or 1856-1933 or 1934, author.</subfield>
		<subfield code="t">al-Jawhar al-fard, aw, al-shiʻr al-ʻaṣrī</subfield>
		<subfield code="w">(LeBAU)b12545363</subfield>
	</datafield>
	<datafield ind1="4" ind2="0" tag="856">
		<subfield code="u">http://hdl.handle.net/2333.1/p8cz923x</subfield>
	</datafield>
	<datafield ind1="1" ind2=" " tag="880">
		<subfield code="6">100-01</subfield>
		<subfield code="a">عنحوري، سليم،‪‪‪‪‪‪‪</subfield>
		<subfield code="d">1855 او 1856-1933 او 1934،‪‪‪‪‪‪‪</subfield>
		<subfield code="e">مؤلف.‪‪‪‪‪‪‪</subfield>
		<subfield code="4">aut.</subfield>
	</datafield>
	<datafield ind1="1" ind2="2" tag="880">
		<subfield code="6">245-02</subfield>
		<subfield code="a">الجوهر الفرد، أو، الشعر العصري :‪‪‪‪‪‪‪</subfield>
		<subfield code="b">في التربية و العوائد و الأخلاق و الحقوق و الواجبات /‪‪‪‪‪‪‪</subfield>
		<subfield code="c">نظم صاحب السعادة سليم بك عنحوري، شاعر دمشق الفيحاء.‪‪‪‪‪‪‪</subfield>
	</datafield>
	<datafield ind1="3" ind2="0" tag="880">
		<subfield code="6">246-03</subfield>
		<subfield code="a">شعر العصري‪‪‪‪‪‪‪</subfield>
	</datafield>
	<datafield ind1=" " ind2="1" tag="880">
		<subfield code="6">264-04</subfield>
		<subfield code="a">الحدث، لبنان :‪‪‪‪‪‪‪</subfield>
		<subfield code="b">المطبعة الشرقية،‪‪‪‪‪‪‪</subfield>
		<subfield code="c">1904.</subfield>
	</datafield>
	<datafield ind1=" " ind2=" " tag="880">
		<subfield code="6">300-05</subfield>
		<subfield code="a">132 صفحة ؛‪‪‪‪‪‪‪</subfield>
		<subfield code="c">21 سم‪‪‪‪‪‪‪</subfield>
	</datafield>
	<datafield ind1=" " ind2=" " tag="880">
		<subfield code="6">500-00</subfield>
		<subfield code="a">&quot;نبذة ثالثة من شعره&quot;‪‪‪‪‪‪‪</subfield>
	</datafield>
	<datafield ind1=" " ind2="4" tag="880">
		<subfield code="6">650-06</subfield>
		<subfield code="a">الشعر العربي‪‪‪‪‪‪‪</subfield>
		<subfield code="x">شواهد، حكم، إلخ.‪‪‪‪‪‪‪</subfield>
	</datafield>
	<datafield ind1=" " ind2="4" tag="880">
		<subfield code="6">650-07</subfield>
		<subfield code="a">الوصايا في الأدب.‪‪‪‪‪‪‪</subfield>
	</datafield>
	<datafield ind1=" " ind2=" " tag="959">
		<subfield code="a">NNU</subfield>
		<subfield code="b">WEB</subfield>
		<subfield code="c">GENI</subfield>
		<subfield code="t">0</subfield>
		<subfield code="m">Electronic access</subfield>
		<subfield code="s">01</subfield>
	</datafield>
	<datafield ind1=" " ind2=" " tag="999">
		<subfield code="i">LeBAU_b12545363</subfield>
		<subfield code="s">aub_aco001042</subfield>
		<subfield code="e">(ERROR-MISC)</subfield>
		<subfield code="s">aub_aco001042</subfield>
	</datafield>
</record>
